<?xml version="1.0" encoding="UTF-8"?><collection><record><leader>08457ntm a2200601 a 4500</leader><controlfield tag="001">006815300</controlfield><controlfield tag="003">MiAaHDL</controlfield><controlfield tag="005">20190719000000.0</controlfield><controlfield tag="006">m        d        </controlfield><controlfield tag="007">cr bn ---auaua</controlfield><controlfield tag="008">090610s1575    tu            00| ||ara d</controlfield><datafield tag="035" ind1=" " ind2=" "><subfield code="a">(MiU)006815300</subfield></datafield><datafield tag="035" ind1=" " ind2=" "><subfield code="a">sdr-miu006815300</subfield></datafield><datafield tag="040" ind1=" " ind2=" "><subfield code="a">MiU</subfield><subfield code="c">MiU</subfield><subfield code="e">amremm</subfield></datafield><datafield tag="043" ind1=" " ind2=" "><subfield code="a">n-us-mi</subfield></datafield><datafield tag="100" ind1="1" ind2=" "><subfield code="6">880-01</subfield><subfield code="a">Surūrī, Muṣliḥ al-Dīn,</subfield><subfield code="d">1492-1562.</subfield></datafield><datafield tag="245" ind1="1" ind2="0"><subfield code="6">880-03</subfield><subfield code="a">Sharḥ Gulistān,</subfield><subfield code="f">[983, i.e. 1575].</subfield></datafield><datafield tag="246" ind1="3" ind2=" "><subfield code="a">شرح گسلتان</subfield></datafield><datafield tag="260" ind1=" " ind2=" "><subfield code="a">[Istanbul,</subfield><subfield code="c">1575].</subfield></datafield><datafield tag="300" ind1=" " ind2=" "><subfield code="a">236 leaves :</subfield><subfield code="b">paper ;</subfield><subfield code="c">208 x 134 (130 x 60) mm.</subfield></datafield><datafield tag="500" ind1=" " ind2=" "><subfield code="a">Shelfmark: Ann Arbor, University of Michigan, Special Collections Library, Isl. Ms. 647</subfield></datafield><datafield tag="500" ind1=" " ind2=" "><subfield code="a">Origin: As appears in colophon on p.460, copied in Istanbul by Aḥmad ibn Farhād (Ahmet bin Ferhat [ Ferhâd ]) with transcription completed mid-Jumādá II 983 [September 1575]. As appears in preceding authorial colophon, composition completed in Amasya end of Rabīʻ II 957 [March-April 1552].</subfield></datafield><datafield tag="500" ind1=" " ind2=" "><subfield code="a">Accompanying materials: Acquisitions slip from Yahuda.</subfield></datafield><datafield tag="500" ind1=" " ind2=" "><subfield code="a">Former shelfmark: From inner front cover and spine label, "IL 214" (likely supplied by Yahuda, see acquisitions slip).</subfield></datafield><datafield tag="500" ind1=" " ind2=" "><subfield code="a">Binding: Pasteboards covered in black leather with spine in brown leather ; Type III binding (or possibly Type II with flap now lost) ; doublures in dark red leather, now partially covered by untinted laid paper ; upper and lower covers carry gold-stamped (with recessed onlays) mandorla (filled with vegetal composition, compare Déroche class. OAi 9) and pendants, along with tooled border ; sewn in black and cream thread, two stations, many threads broken or gone ; overall in quite poor condition with significant abrasion, lifting and losses of leather (onlays in particular) and board, delamination of boards, detaching at spine ; housed in box for protection.</subfield></datafield><datafield tag="500" ind1=" " ind2=" "><subfield code="a">Support: European laid paper of at least two types ; one type with 10 laid lines per cm. (vertical), chain lines spaced 26-27 mm. apart (horizontal), and watermarks including font with lid and cross [leaf] (or cardinal’s mitre / chapeau) (see p.30, 33, 130, 131, 458, 464, etc. and compare Chapeau nos. 3447, etc. in Briquet, Les Filigranes, Chapeau nos.2-8 in Velkov, Les Filigranes dans les documents Ottomans and nos. 31-32 in Nikolaev, Watermarks of the Ottoman Empire, vol. 1) and angel / figure in circle with star above (see p.460, 461, etc.), thin though sturdy, well-burnished to glossy ; another type with 11-12 laid lines per cm. (vertical), chain lines spaced 27-29 mm. apart (horizontal), angel / figure watermark (see p.366, 367, etc.) and "H S" under trefoil countermark (see p.288 and compare Briquet 621 and 654, Udine 1573 and 1576), lighter in color, sturdier ; some staining and foxing.</subfield></datafield><datafield tag="500" ind1=" " ind2=" "><subfield code="a">Decoration: Keywords, certain excerpts (ḥadīth, etc.) and abbreviation symbols (stroke above notable words, etc.) rubricated ; overlining in red ; textual dividers in the form of inverted commas in red.</subfield></datafield><datafield tag="500" ind1=" " ind2=" "><subfield code="a">Script: Nastaʻlīq (talik) ; elegant Turkish hand ; serifless with mainly closed counters, effect of tilt to the right, only slight effect of words descending to baseline, exaggerated thickness of horizontal strokes.</subfield></datafield><datafield tag="500" ind1=" " ind2=" "><subfield code="a">Layout: Written in 19 lines per page ; frame-ruled.</subfield></datafield><datafield tag="500" ind1=" " ind2=" "><subfield code="a">Collation: V (10), V+1 (21), 21 V(231), III-1 (236) ; chiefly quinions ; initially lacks proper catchwords but last word of final line on the verso of each leaf is usually repeated at the beginning of the first line on the following recto ; from p.180, catchwords isolated in the lower margin of the verso present ; pagination in pencil, Western numerals, supplied during digitization (mistakenly skips two pages each between pp.31-32, 167-168, 311-312, 431-432).</subfield></datafield><datafield tag="500" ind1=" " ind2=" "><subfield code="a">Colophon: "Authorial," rectangular, reads "تم شرح كلستان في اخر ربيع الاخر سنة سبع وخمسين وتسعمائة في بلدة اماسية حميت عن البلية" ; "Scribal," triangular, reads "وقد وقع الفراغ من كتابته اواسط جمادى الاخرى سنة ثلث وثمان وتسعمائة في بلدة اسلامبول كتبه الفقير احمد ابن فرهاد غفر الله له ولوالديه واحسن اليهما واليه تم بعون الله"</subfield></datafield><datafield tag="500" ind1=" " ind2=" "><subfield code="a">Explicit:"من بعد ذلك الطلب غفرانا لصاحبه اعلم ايها الناظر في شرحي هذا ان الشارح الاول قد بذل جهده في شرحه وان اخطأ في مواضع كثيرة وقد نبهت على مواضع الخطأ واوردت الصواب وبالغت في رده باللطائف لان كلستان موضع الفرح غفر الله تع له ولي ولسائر المسلمين"</subfield></datafield><datafield tag="500" ind1=" " ind2=" "><subfield code="a">Incipit: "الحمد لله الذي جعلني من علماء البيان والمعاني ... وبعد فان العبد المتوسل الى رحمة الملك القدير بعذر تقصيره في شكر نعمه سرورى الفقير كان منقطعا عن الناس ومعرضا عن الاستئناس ثم دعاه الى الخدمة بالامر السلطاني والقائد الوارد بالكتاب الحاقاني افضل آل عثمان صاحب العلم والعرفان السلطان ابن السلطان السلطان مصطفى بن السلطان سليمان ... ولما كان كتاب كلستان مشتملا على حكايات غريبة وغطات عجيبة ... بحيث يحتاج اكثر مواضعه الى الشرح والبيان ... شرحته شرحا كافيا ..."</subfield></datafield><datafield tag="500" ind1=" " ind2=" "><subfield code="a">Title from inscription on 'title page' (p.1).</subfield></datafield><datafield tag="500" ind1=" " ind2=" "><subfield code="a">Ms. codex.</subfield></datafield><datafield tag="510" ind1="4" ind2=" "><subfield code="a">Nikolaev, Vsevolod. Watermarks of the mediaeval Ottoman documents in Bulgarian libraries. In Watermarks of the Ottoman Empire, volume 1. Sofia: Bulgarian Academy of Sciences, 1954.</subfield></datafield><datafield tag="510" ind1="4" ind2=" "><subfield code="a">Velkov, Asparouh. Les Filigranes dans les documents Ottomans: divers types d’images. Sofia: Éditions "Texte - A. Trayanov", 2005.</subfield></datafield><datafield tag="510" ind1="4" ind2=" "><subfield code="a">Brockelmann, C. GAL,</subfield><subfield code="c">S II 650</subfield></datafield><datafield tag="520" ind1="8" ind2=" "><subfield code="a">Fine copy of the Arabic commentary upon the Gulistān of Sa‘dī, composed by Muṣliḥ al-Dīn Muṣṭafá Surūrī (Sürûrî) for prince Mustafa (d.1553) son of Sultan Süleyman I (r.1520-66).</subfield></datafield><datafield tag="538" ind1=" " ind2=" "><subfield code="a">Mode of access: Internet.</subfield></datafield><datafield tag="541" ind1=" " ind2=" "><subfield code="a">Acquired in 1926 from the bookseller Isaac Benjamin S.E. Yahuda via purchase transacted on his behalf by Abraham Shalom Yahuda (1877-1951), his younger brother.</subfield></datafield><datafield tag="546" ind1=" " ind2=" "><subfield code="a">Arabic.</subfield></datafield><datafield tag="561" ind1=" " ind2=" "><subfield code="a">Ownership statement in name of Delvineli Şerefzade el-Hac Ebübekîr (i.e. of the sancak of Delvine, Albania) accompanied by faint circular seal impression above opening on incipit page (p.2), statement reads "استصحبه الفقير الى الله الغني القدير دلوينه لى شرف زاده الحاج ابو بكير" ; on p.462, ownership statement dated 1 Jumādá II 1068 [ca. 6 March 1658] in name of one Abdullah b. Abdurrahman b. [?] Şeyh Acemzade (عبد الله بن عبد الرحمن بن الشيخ عدم زاده/ ʻAbd Allāh ibn ʻAbd al-Raḥmān ibn [?] al-Shaykh ʻAjamʻzādah) reads "قد دخل ملكي في غرة جمادى الاخر لسنة ثمان وستين والف وانا الفقير عبد الله بن عبد الرحمن [...؟] وبن [؟] الشهير الشيخ عجم زاده القاضي بقضاء [...؟] مؤقتا" ; marginal glosses and corrections ; notabilia (side-heads) marked مطلب (usually rubricated).</subfield></datafield><datafield tag="600" ind1="0" ind2="0"><subfield code="a">Saʻdī.</subfield><subfield code="t">Gulistān.</subfield><subfield code="l">English</subfield><subfield code="x">Criticism, Textual</subfield><subfield code="v">Early works to 1800.</subfield></datafield><datafield tag="650" ind1=" " ind2="0"><subfield code="a">Manuscripts, Arabic</subfield><subfield code="z">Michigan</subfield><subfield code="z">Ann Arbor.</subfield></datafield><datafield tag="650" ind1=" " ind2="0"><subfield code="a">Persian poetry</subfield><subfield code="y">747-1500</subfield><subfield code="x">History and criticism</subfield><subfield code="v">Early works to 1800.</subfield></datafield><datafield tag="700" ind1="0" ind2=" "><subfield code="6">880-06</subfield><subfield code="a">ʻAbd Allāh ibn ʻAbd al-Raḥmān ibn al-Shaykh ʻAjamʻzādah,</subfield><subfield code="d">fl. 1658,</subfield><subfield code="e">former owner.</subfield></datafield><datafield tag="700" ind1="0" ind2=" "><subfield code="6">880-05</subfield><subfield code="a">Ahmet bin Ferhat,</subfield><subfield code="d">fl. 1575,</subfield><subfield code="e">copyist.</subfield></datafield><datafield tag="773" ind1="0" ind2=" "><subfield code="a">Yahuda Collection.</subfield></datafield><datafield tag="880" ind1="0" ind2=" "><subfield code="6">700-06/</subfield><subfield code="a">عبد الله بن عبد الرحمن بن الشيخ عجم زاده,</subfield><subfield code="e">مالك سابق.</subfield></datafield><datafield tag="880" ind1="0" ind2=" "><subfield code="6">700-05/</subfield><subfield code="a">احمد بن فرهاد،</subfield><subfield code="e">ناسخ.</subfield></datafield><datafield tag="880" ind1="1" ind2="0"><subfield code="6">245-03/</subfield><subfield code="a">شرح كلستان,</subfield><subfield code="f">[983ه, 1575م].</subfield></datafield><datafield tag="880" ind1="1" ind2=" "><subfield code="6">100-01/</subfield><subfield code="a">سروري، مصلح الدين.</subfield></datafield><datafield tag="CID" ind1=" " ind2=" "><subfield code="a">006815300</subfield></datafield><datafield tag="DAT" ind1="0" ind2=" "><subfield code="a">20190719102639.0</subfield><subfield code="b">20190719000000.0</subfield></datafield><datafield tag="DAT" ind1="1" ind2=" "><subfield code="a">20190719090653.0</subfield><subfield code="b">2019-07-19T16:11:44Z</subfield></datafield><datafield tag="DAT" ind1="2" ind2=" "><subfield code="a">2015-10-02T18:00:03Z</subfield></datafield><datafield tag="CAT" ind1=" " ind2=" "><subfield code="a">SDR-MIU</subfield><subfield code="d">EX LIBRIS - ALEPH</subfield><subfield code="l">prepare.pl-004-008</subfield></datafield><datafield tag="FMT" ind1=" " ind2=" "><subfield code="a">BK</subfield></datafield><datafield tag="HOL" ind1=" " ind2=" "><subfield code="0">sdr-miu006815300</subfield><subfield code="a">MiU</subfield><subfield code="b">SDR</subfield><subfield code="c">MIU</subfield><subfield code="p">mdp.39015079129386</subfield><subfield code="s">MIU</subfield><subfield code="1">006815300</subfield></datafield><datafield tag="974" ind1=" " ind2=" "><subfield code="b">MIU</subfield><subfield code="c">MIU</subfield><subfield code="d">20190719</subfield><subfield code="s">lit-dlps-dc</subfield><subfield code="u">mdp.39015079129386</subfield><subfield code="y">1575</subfield><subfield code="r">pd</subfield><subfield code="q">bib</subfield><subfield code="t">non-US bib date1 &lt; 1896</subfield></datafield></record></collection>